% This file was created with JabRef 2.3.1.
% Encoding: UTF8

@BOOK{Gustavii2003,
  title = {How to write and illustrate a scientific paper},
  publisher = {Cambridge University Press},
  year = {2003},
  author = {B. Gustavii},
  isbn = {978-0-521-53024-8},
  keywords = {writing},
  owner = {wbam},
  timestamp = {2008.07.17},
  tub = {0202/C.12.2007 A 807}
}

@BOOK{Niederhauser2006,
  title = {Duden, Die schriftliche Arbeit -- kurz gefasst. Eine Anleitung zum
	Schreiben von Arbeiten in Schule und Studium},
  publisher = {Dudenverlag},
  year = {2006},
  author = {J. Niederhauser},
  address = {Mannheim},
  edition = {Fourth},
  isbn = {3-411-04234-6},
  keywords = {writing},
  owner = {wbam},
  timestamp = {2008.07.14},
  tub = {1003/KOM 955f 2007 L 404(4)}
}
