@article{barham2003xen,
  title={Xen and the art of virtualization},
  author={Barham, Paul and Dragovic, Boris and Fraser, Keir and Hand, Steven and Harris, Tim and Ho, Alex and Neugebauer, Rolf and Pratt, Ian and Warfield, Andrew},
  journal={ACM SIGOPS Operating Systems Review},
  volume={37},
  number={5},
  pages={164--177},
  year={2003},
  publisher={ACM}
}

@webpage{LIS,
  title   = {{Lehrstuhl f√ºr Integrierte Systeme}},
  year    = {2016},
  url     = {https://www.lis.ei.tum.de/},
  lastchecked = {2016-11-28}
}