%%%%%%%%%%%%%%%%%%%%%%%%%%%%%%%%%%%%%%%%%%%%%%%%%%%%%%%%%%%%%%%%%%%%%%%%%%%%%%%
%			 M A S K E N 					      %
%%%%%%%%%%%%%%%%%%%%%%%%%%%%%%%%%%%%%%%%%%%%%%%%%%%%%%%%%%%%%%%%%%%%%%%%%%%%%%%

@BOOK{book_template,
	AUTHOR		= {},
	TITLE		= {},
	PUBLISHER	= {},
	ADDRESS		= {},
	YEAR		= {},
	EDITION		= {},
	LANGUAGE	= {},
	SUBJECT		= {},
	ANNOTE		= {},
	CONTENTS	= {},
	LOCATION	= {},
	PRICE		= {}
}

@PHDTHESIS{phd_template,
	AUTHOR		= {},
	TITLE		= {},
	SCHOOL		= {},
	YEAR		= {},
	TYPE		= {},
	LANGUAGE	= {},
	SUBJECT		= {},
	ANNOTE		= {},
	LOCATION	= {}
}

%%%%%%%%%%%%%%%%%%%%%%%%%%%%%%%%%%%%%%%%%%%%%%%%%%%%%%%%%%%%%%%%%%%%%%%%%%%%%%%
%			   D A T E N S A E T Z E
%			       (ungeordnet)
%%%%%%%%%%%%%%%%%%%%%%%%%%%%%%%%%%%%%%%%%%%%%%%%%%%%%%%%%%%%%%%%%%%%%%%%%%%%%%%

%Book
@Book{Cover,
  author = 	 {T.~Cover and J.~Thomas},
  title = 	 {Elements of Information Theory},
  publisher = 	 {John Wiley \& Sons},
  year = 	 {1991},
  series = 	 {Wiley series in telecommunications},
  address = 	 {New York}
}

%Chapter in Collection
@Incollection{Clayton,
  author = 	 {D.~Clayton},
  title = 	 {Population Association},
  booktitle =    {Handbook of Statistical Genetics},
  editor =       {D.J.~Balding and M.~Bishop and C.~Cannings},
  publisher = 	 {John Wiley \& Sons},
  year = 	 {2001},
  address = 	 {Chichester},
  pages = 	 {519--540}
}

%Chapter in book
@InBook{Sachs92,
  author = 	 {L.~Sachs},
  title = 	 {Angewandte {S}tatistik},
  chapter = 	 {Die Auswertung von Mehrfeldertafeln},
  publisher = 	 {Springer-Verlag},
  address = 	 {Berlin},
  edition = 	 {7th},
  pages = 	 {608--611},
  year = 	 {1992}
}

%Journal, transaction, magazine article
@Article{Paninski03,
  author = 	 {L.~Paninski},
  title = 	 {Estimation of entropy and mutual information},
  journal = 	 {Neural Computation},
  year = 	 {2003},
  month =        jun,
  volume =       {15},
  number = 	 {6},
  pages = 	 {1191--1253}
}

@Article{Shannon,
  author = 	 {C.~E.~Shannon},
  title = 	 {A mathematical theory of communication},
  journal = 	 {Bell System Technical Journal},
  year = 	 {1948},
  month =        {July, October},
  volume = 	 {27},
  pages = 	 {379--423, 623--656}
}

%Conference Proceedings
@InProceedings{Berrou,
  author = 	{C.~Berrou and A.~Glavieux and P.~Thitimajshima},
  title = 	{Near Shannon limit error-correcting coding and decoding: {T}urbo-codes},
  booktitle = 	{IEEE International Conference on Communications},
  address = 	{Geneva, Switzerland},
  year = 	{1993},
  month =       may
}

%Technical report
@TechReport{Chechik03,
  author = 	 {G.~Chechik},
  title = 	 {Types, super-types and the mutual information distribution},
  institution =  {Leibniz Center, School of computer sciene and engineering, The Hebrew university of Jerusalem},
  year = 	 {2003},
  number = 	 {2002-61}
}

%PhD thesis
@PhdThesis{Onkamo,
  author = 	 {P.~Onkamo},
  title = 	 {Genetic mapping of complex traits: the case of type 1 {D}iabetes},
  school = 	 {University of Helsinki},
  year = 	 {2002},
  address = 	 {Helsinki},
  month = 	 jan
}

%Skript
@Booklet{SourceCoding,
  title = 	 {Informationstheorie und {Q}uellencodierung},
  author = 	 {J.~Hagenauer},
  howpublished = {Manuskript zur Vorlesung, Lehrstuhl f{\"u}r Nachrichtentechnik, Technische Universit{\"a}t M{\"u}nchen},
  year = 	 {2001}
}

%Internet resources
@Electronic{DeltaFunction,
  author = 	 {E.~Weisstein},
  title = 	 {Delta Function},
  url = {http://mathworld.wolfram.com/DeltaFunction.html}
}
